% papers
@article{sun2020natural,
  title={{Natural Backdoor Attacks on NLP Models}},
  author={Sun, Lichao},
  journal={arXiv preprint arXiv:2006.16176},
  year={2020}
}
@phdthesis{azizi2020defending,
  title={{Defending Against Trojan Attacks on Neural Network-based Language Models}},
  author={Azizi, Ahmadreza},
  year={2020},
  school={Virginia Tech}
}
@article{chen2021identification,
  title={{Mitigating backdoor attacks in LSTM-based text classification systems by Backdoor Keyword Identification}},
  author={Chen, Chuanshuai and Dai, Jiazhu},
  journal={Neurocomputing},
  volume={452},
  pages={253--262},
  year={2021},
  publisher={Elsevier}
}
@inproceedings{azizi2021tminer,
  title={{T-Miner: A Generative Approach to Defend Against Trojan Attacks on DNN-based Text Classification}},
  author={Azizi, Ahmadreza and Tahmid, Ibrahim Asadullah and Waheed, Asim and Mangaokar, Neal and Pu, Jiameng and Javed, Mobin and Reddy, Chandan K and Viswanath, Bimal},
  booktitle={30th USENIX Security Symposium (USENIX Security 21)},
  pages={2255--2272},
  year={2021}
}
@article{shao2021poisonedrecog,
  title={{Textual Backdoor Defense via Poisoned Sample Recognition}},
  author={Shao, Kun and Zhang, Yu and Yang, Junan and Liu, Hui},
  journal={Applied Sciences},
  volume={11},
  number={21},
  pages={9938},
  year={2021},
  publisher={MDPI}
}
@article{scikit-learn,
    title={{Scikit-learn: Machine Learning in Python}},
    author={Pedregosa, F. and Varoquaux, G. and Gramfort, A. and Michel, V. and Thirion, B. and Grisel, O. and Blondel, M. and Prettenhofer, P. and Weiss, R. and Dubourg, V. and Vanderplas, J. and Passos, A. and Cournapeau, D. and Brucher, M. and Perrot, M. and Duchesnay, E.},
    journal={Journal of Machine Learning Research},
    volume={12},
    pages={2825--2830},
    year={2011}
}
@inproceedings{gao2019strip,
  title={Strip: A defence against trojan attacks on deep neural networks},
  author={Gao, Yansong and Xu, Change and Wang, Derui and Chen, Shiping and Ranasinghe, Damith C and Nepal, Surya},
  booktitle={Proceedings of the 35th Annual Computer Security Applications Conference},
  pages={113--125},
  year={2019}
}
% datasets
@inproceedings{sst2-socher-etal-2013-recursive,
    title = {{Recursive Deep Models for Semantic Compositionality Over a Sentiment Treebank}},
    author = {Socher, Richard and Perelygin, Alex and Wu, Jean and Chuang, Jason and Manning, Christopher D. and Ng, Andrew  and Potts, Christopher},
    booktitle = {Proceedings of the 2013 Conference on Empirical Methods in Natural Language Processing},
    month = oct,
    year = {2013},
    address = {Seattle, Washington, USA},
    publisher = {Association for Computational Linguistics},
    % url = {https://www.aclweb.org/anthology/D13-1170},
    pages = {1631--1642},
}
@article{devlin2018bert,
  title={{BERT: Pre-training of Deep Bidirectional Transformers for Language Understanding}},
  author={Devlin, Jacob and Chang, {Ming-Wei} and Lee, Kenton and Toutanova, Kristina},
  journal={arXiv preprint arXiv:1810.04805},
  year={2018}
}
@article{sanh2019distilbert,
  title={{DistilBERT, a distilled version of BERT: smaller, faster, cheaper and lighter}},
  author={Sanh, Victor and Debut, Lysandre and Chaumond, Julien and Wolf, Thomas},
  journal={arXiv preprint arXiv:1910.01108},
  year={2019}
}
@misc{noauthor_imdb_nodate,
	title = {{imdb 路 Datasets at Hugging Face}},
	url = {https://huggingface.co/datasets/imdb},
}
@InProceedings{rottentomatoPang+Lee:05a,
    author={Bo Pang and Lillian Lee},
    title={{Seeing stars: Exploiting class relationships for sentiment categorization with respect to rating scales}},
    booktitle={Proceedings of the ACL},
    year=2005
}
@misc{noauthor_yelp_review_full_nodate,
	title = {yelp\_review\_full 路 {Datasets} at {Hugging} {Face}},
	url = {https://huggingface.co/datasets/yelp_review_full},
}
@misc{noauthor_hate_speech18_nodate,
	title = {hate\_speech18 路 {Datasets} at {Hugging} {Face}},
	url = {https://huggingface.co/datasets/hate_speech18},
}
@misc{noauthor_hate_speech_offensive_nodate,
	title = {hate\_speech\_offensive 路 {Datasets} at {Hugging} {Face}},
	url = {https://huggingface.co/datasets/hate_speech_offensive},
}
