@article{alon2019code2vec,
  title={code2vec: Learning distributed representations of code},
  author={Alon, Uri and Zilberstein, Meital and Levy, Omer and Yahav, Eran},
  journal={Proceedings of the ACM on Programming Languages},
  volume={3},
  number={POPL},
  pages={1--29},
  year={2019},
  publisher={ACM New York, NY, USA}
}
@inproceedings{compton2020embedding,
  title={Embedding java classes with code2vec: Improvements from variable obfuscation},
  author={Compton, Rhys and Frank, Eibe and Patros, Panos and Koay, Abigail},
  booktitle={Proceedings of the 17th International Conference on Mining Software Repositories},
  pages={243--253},
  year={2020}
}
@inproceedings{cambronero2019deep,
  title={When deep learning met code search},
  author={Cambronero, Jose and Li, Hongyu and Kim, Seohyun and Sen, Koushik and Chandra, Satish},
  booktitle={Proceedings of the 2019 27th ACM Joint Meeting on European Software Engineering Conference and Symposium on the Foundations of Software Engineering},
  pages={964--974},
  year={2019}
}
@inproceedings{zhang2019novel,
  title={A novel neural source code representation based on abstract syntax tree},
  author={Zhang, Jian and Wang, Xu and Zhang, Hongyu and Sun, Hailong and Wang, Kaixuan and Liu, Xudong},
  booktitle={2019 IEEE/ACM 41st International Conference on Software Engineering (ICSE)},
  pages={783--794},
  year={2019},
  organization={IEEE}
}
@article{hareretal2018,
author = {Harer, Jacob and Kim, Louis and Russell, Rebecca and Ozdemir, Onur and Kosta, Leonard and Rangamani, Akshay and Hamilton, Lei and Centeno, Gabriel and Key, Jonathan and Ellingwood, Paul and McConley, Marc and Opper, Jeffrey and Chin, Sang and Lazovich, Tomo},
year = {2018},
month = {02},
title = {Automated software vulnerability detection with machine learning}
}
@inproceedings{azcona2019user2code2vec,
  title={user2code2vec: Embeddings for profiling students based on distributional representations of source code},
  author={Azcona, David and Arora, Piyush and Hsiao, I-Han and Smeaton, Alan},
  booktitle={Proceedings of the 9th International Conference on Learning Analytics \& Knowledge},
  pages={86--95},
  year={2019}
}
@inproceedings{suman2020source,
  title={Source Code Authorship Attribution using Stacked classifier.},
  author={Suman, Chanchal and Raj, Ayush and Saha, Sriparna and Bhattacharyya, Pushpak},
  booktitle={FIRE (Working Notes)},
  pages={732--737},
  year={2020}
}
